<record><leader>00000cas a22000007a 4500</leader><controlfield tag="001">11824280</controlfield><controlfield tag="008">850319d19021924wiuwr ne      0    0eng d</controlfield><datafield ind1=" " ind2=" " tag="010"><subfield code="a">sn 85040322 </subfield></datafield><datafield ind1=" " ind2=" " tag="040"><subfield code="a">NPV</subfield><subfield code="b">eng</subfield><subfield code="c">NPV</subfield><subfield code="d">OCLCQ</subfield></datafield><datafield ind1=" " ind2=" " tag="042"><subfield code="a">msc</subfield></datafield><datafield ind1=" " ind2=" " tag="043"><subfield code="a">n-us-wi</subfield></datafield><datafield ind1=" " ind2=" " tag="045"><subfield code="a">x0x2</subfield></datafield><datafield ind1=" " ind2=" " tag="052"><subfield code="a">4123</subfield><subfield code="b">D3</subfield></datafield><datafield ind1="0" ind2=" " tag="130"><subfield code="a">Belleville recorder (Belleville, Wis. : 1902)</subfield></datafield><datafield ind1="1" ind2="0" tag="245"><subfield code="a">Belleville recorder.</subfield></datafield><datafield ind1=" " ind2=" " tag="260"><subfield code="a">Belleville, Wis. :</subfield><subfield code="b">J.M. Williams &amp; Son,</subfield><subfield code="c">1902-1924.</subfield></datafield><datafield ind1=" " ind2=" " tag="300"><subfield code="a">23 v. :</subfield><subfield code="b">ill.</subfield></datafield><datafield ind1=" " ind2=" " tag="310"><subfield code="a">Weekly</subfield></datafield><datafield ind1="0" ind2=" " tag="362"><subfield code="a">Vol. 17, no. 31 (Oct. 3, 1902)-39th year, no. 20 (July 4, 1924).</subfield></datafield><datafield ind1=" " ind2=" " tag="500"><subfield code="a">Publisher varies.</subfield></datafield><datafield ind1=" " ind2=" " tag="500"><subfield code="a">Editor: J.M. Williams &amp; Son, Oct. 3, 1902-Dec. 25, 1903.--H.L. Williams, Jan. 1, 1903-Mar. 3, 1905.--S.A. Wheelwright, Mar. 10, 1905-Apr. 26, 1907.--E.R. Adamson, May 3, 1907-July 4, 1924.</subfield></datafield><datafield ind1=" " ind2=" " tag="530"><subfield code="a">Available on microfilm from The State Historical Society of Wisconsin.</subfield></datafield><datafield ind1=" " ind2=" " tag="752"><subfield code="a">United States</subfield><subfield code="b">Wisconsin</subfield><subfield code="c">Dane</subfield><subfield code="d">Belleville.</subfield></datafield><datafield ind1="0" ind2="0" tag="780"><subfield code="t">Sugar River recorder</subfield><subfield code="w">(DLC)sn 85040321</subfield></datafield><datafield ind1="0" ind2="7" tag="785"><subfield code="t">New Glarus post</subfield></datafield><datafield ind1="0" ind2="7" tag="785"><subfield code="t">New Glarus post and Belleville recorder</subfield></datafield><datafield ind1="1" ind2=" " tag="029"><subfield code="a">AU@</subfield><subfield code="b">000025799448</subfield></datafield></record>